@book{sekurak2024,
  editor    = "Michał Sajdak",
  title     = "Wprowadzenie do bezpieczeństwa IT. Tom 2",
  publisher = "Securitum",
  year      = "2024",
  isbn      = "978-83-968874-7-4",
}

@manual{pihole-docs,
  title        = "{Pi-hole Dokumentacja}",
  howpublished = "Dostęp zdalny (04.05.2025): \url{https://docs.pi-hole.net/}",
  year         = "2025",
}

@manual{unbound-docs,
  title        = "{Unbound DNS Guide - Pi-hole Integracja}",
  howpublished = "Dostęp zdalny (04.05.2025): \url{https://docs.pi-hole.net/guides/dns/unbound/}",
  year         = "2025",
}

@manual{suricata-docs,
  title        = "{Suricata Dokumentacja}",
  howpublished = "Dostęp zdalny (04.05.2025): \url{https://docs.suricata.io/}",
  year         = "2025",
}

@manual{graylog-docs,
  title        = "{Graylog Dokumentacja}",
  howpublished = "Dostęp zdalny (04.05.2025): \url{https://go2docs.graylog.org/}",
  year         = "2025",
}

@manual{squid-docs,
  title        = "{Squid Proxy Dokumentacja}",
  howpublished = "Dostęp zdalny (04.05.2025): \url{https://www.squid-cache.org/Doc/}",
  year         = "2025",
}

@manual{prometheus-docs,
  title        = "{Prometheus Dokumentacja}",
  howpublished = "Dostęp zdalny (04.05.2025): \url{https://prometheus.io/docs/introduction/overview/}",
  year         = "2025",
}

@manual{grafana-docs,
  title        = "{Grafana Dokumentacja}",
  howpublished = "Dostęp zdalny (04.05.2025): \url{https://grafana.com/docs/}",
  year         = "2025",
}

@manual{docker-docs,
  title        = "{Docker Dokumentacja}",
  howpublished = "Dostęp zdalny (04.05.2025): \url{https://docs.docker.com/}",
  year         = "2025",
}

@manual{portainer-docs,
  title        = "{Portainer Dokumentacja}",
  howpublished = "Dostęp zdalny (04.05.2025): \url{https://docs.portainer.io/}",
  year         = "2025",
}

@manual{filebeat-docs,
  title        = "{Filebeat Dokumentacja}",
  howpublished = "Dostęp zdalny (04.05.2025): \url{https://www.elastic.co/guide/en/beats/filebeat/current/index.html}",
  year         = "2025",
}

@manual{raspberry-os,
  title        = "{Raspberry Pi OS Dokumentacja}",
  howpublished = "Dostęp zdalny (04.05.2025): \url{https://www.raspberrypi.com/documentation/computers/os.html}",
  year         = "2025",
}

@manual{raspberry-start,
  title        = "{Raspberry Pi Dokumentacja}",
  howpublished = "Dostęp zdalny (04.05.2025): \url{https://www.raspberrypi.com/documentation/computers/getting-started.html}",
  year         = "2025",
}

@manual{ufw-docs,
  title        = "{Uncomplicated Firewall (UFW) Dokumentacja}",
  howpublished = "Dostęp zdalny (04.06.2025): \url{https://help.ubuntu.com/community/UFW}",
  year         = "2025"
}

@misc{github-homenetguardian,
  author       = "Łukasz Dejko",
  title        = "{Home Network Guardian - GitHub Repository}",
  howpublished = "Dostęp zdalny (04.05.2025): \url{https://github.com/lukaszFD/home-network-guardian}",
  year         = "2025",
}

@misc{docker-wiki,
  author       = "{Wikipedia}",
  title        = "Docker (software) --- Wikipedia{,} The Free Encyclopedia",
  year         = "2025",
  howpublished = "\url{https://en.wikipedia.org/wiki/Docker_(software)}",
  note         = "Dostęp zdalny (04.05.2025)",
}

@misc{suricata-wiki,
  author       = "{Wikipedia}",
  title        = "Suricata --- Wikipedia{,} The Free Encyclopedia",
  year         = "2025",
  howpublished = "\url{https://en.wikipedia.org/wiki/Suricata_(software)}",
  note         = "Dostęp zdalny (04.05.2025)",
}